<record><leader>00000cas a22000007a 4500</leader><controlfield tag="001">18130935</controlfield><controlfield tag="008">880624d18701uuupaudr ne      0    0eng d</controlfield><datafield ind1=" " ind2=" " tag="010"><subfield code="a">sn 88080796 </subfield></datafield><datafield ind1=" " ind2=" " tag="040"><subfield code="a">NPH</subfield><subfield code="b">eng</subfield><subfield code="c">NPH</subfield><subfield code="d">OCLCQ</subfield></datafield><datafield ind1=" " ind2=" " tag="042"><subfield code="a">msc</subfield></datafield><datafield ind1="0" ind2="0" tag="245"><subfield code="a">Oil City daily times.</subfield></datafield><datafield ind1=" " ind2=" " tag="260"><subfield code="a">[Oil City, Pa.] :</subfield><subfield code="b">Oil City Pub. Association</subfield></datafield><datafield ind1=" " ind2=" " tag="300"><subfield code="a">v. ;</subfield><subfield code="c">57 cm.</subfield></datafield><datafield ind1=" " ind2=" " tag="310"><subfield code="a">Daily</subfield></datafield><datafield ind1="1" ind2=" " tag="362"><subfield code="a">Began in 1870?</subfield></datafield><datafield ind1=" " ind2=" " tag="588"><subfield code="a">Description based on: Vol. 1, no. 136 (May 3, 1870).</subfield></datafield><datafield ind1=" " ind2=" " tag="752"><subfield code="a">United States</subfield><subfield code="b">Pennsylvania</subfield><subfield code="c">Venango</subfield><subfield code="d">Oil City.</subfield></datafield><datafield ind1="0" ind2=" " tag="775"><subfield code="t">Oil City weekly times</subfield><subfield code="w">(DLC)sn 84026123</subfield></datafield></record>